@online{OSinjection,
    author= {Anastasios Stasinopoulos, Christoforos Ntantogian and ChristosXenakis},
    title = {\href{https://www.recred.eu/sites/default/files/commix-automating_evaluation_and_exploitation_of_command_injection_vulnerabilities_in_web_applications.pdf}{Commix: Automating Evaluation and Exploitation of Command Injection Vulnerabilities in Web Applications}},
    year = 2018,
    url = "https://www.recred.eu/sites/default/files/commix-automating_evaluation_and_exploitation_of_command_injection_vulnerabilities_in_web_applications.pdf",
    howpublished = {Department of Digital Systems, University of Piraeus}
    }

@online{LFI,
    author = {Md. Maruf Hassan,Touhid Bhuyian, M. Khaled Sohel, Md. Hasan Sharif, Saikat Biswas},
    title = {\href{https://www.researchgate.net/profile/Md-Hasan-Sharif/publication/324861182_SAISAN_An_Automated_Local_File_Inclusion_Vulnerability_Detection_Model/links/5ae817bba6fdcc03cd8dc37b/SAISAN-An-Automated-Local-File-Inclusion-Vulnerability-Detection-Model.pdf}{SAISAN: An Automated Local File Inclusion Vulnerability Detection Model}},
    year = 2018,
    url = "https://www.researchgate.net/profile/Md-Hasan-Sharif/publication/324861182_SAISAN_An_Automated_Local_File_Inclusion_Vulnerability_Detection_Model/links/5ae817bba6fdcc03cd8dc37b/SAISAN-An-Automated-Local-File-Inclusion-Vulnerability-Detection-Model.pdf",
    howpublished = {International Journal of Engineering & Technology}
    }

@online{motivation,
    author = {Cronus Cyber Technologies},
    year = 2015,
    title = {\href{https://proxima-software.com/Documents/Value\%20of\%20Automated\%20pen-testing.pdf}{The Value of Automated Penetration Testing White Paper}},
    url = {"https://proxima-software.com/Documents/Value\%20of\%20Automated\%20pen-testing.pdf"}
    }

@online{overview,
    author = {Farah Abu-Dabaseh and Esraa Alshammari},
    year = 2018,
    title = {\href{https://airccj.org/CSCP/vol8/csit88610.pdf}{AUTOMATED PENETRATION TESTING: AN OVERVIEW}},
    howpublished = {Department of Computer Science Princess Sumaya University for Technology, Amman, Jordan},
    url = "https://airccj.org/CSCP/vol8/csit88610.pdf"
    }

@online{type,
    author = {Hacken},
    year = 2018,
    title = {\href{https://hacken.io/discover/white-grey-and-black-box-testing/}{White, Grey, and Black Box Testing}},
    url = "https://hacken.io/discover/white-grey-and-black-box-testing/"
}

@online{vuln,
    author = {OWASP},
    title = {State of The Art: Automated Black Box Web Application Vulnerability Testing},
    author = {Jason Bau, Elie Bursztein, Divij Gupta, John Mitchell},
    url = "https://owasp.org/www-pdf-archive/Black_Box_Scanner_Presentation.pdf",
    howpublished = {Stanford Computer Security Lab}
}

@online{webapps,
    author = {Adam Chovanec},
    year = 2022,
    title = {\href{https://is.muni.cz/th/l2kpn/thesis.pdf}{EducationalVulnerable Web Application}},
    url = "https://is.muni.cz/th/l2kpn/thesis.pdf"
}

@online{detection,
    author = {Peddisetty Naga Raju},
    year = 2005,
    title = {\href{http://www.diva-portal.org/smash/get/diva2:20134/FULLTEXT01.pdf}{State-of-the-art Intrusion Detection: Technologies, Challenges, and Evaluation}},
    url = "http://www.diva-portal.org/smash/get/diva2:20134/FULLTEXT01.pdf"
}

@online{sqli,
    author = {Waad Almadhy, Amal Alruwaili, Saloua Hendaoui},
    year = 2022,
    title = {\href{https://koreascience.kr/article/JAKO202213042285193.pdf}{Using SQLMAP to Detect SQLI Vulnerabilities}},
    url = "https://koreascience.kr/article/JAKO202213042285193.pdf"}

%I can read spanish
@online{dirb,
    author = {CSIRT DE GOBIERNO}, 
    year = 2021,
    title = {\href{https://www.csirt.gob.cl/media/2021/09/Comando-de-la-semana-18-DIRB.pdf}{Comando-de-la-semana-18-DIRB.pdf}},
    url = "https://www.csirt.gob.cl/media/2021/09/Comando-de-la-semana-18-DIRB.pdf"
}